2974 4956
378 848 690 937 SYLLABUS
724 851 1051 954 NOTARUM,

1 1073 2 1168 p
271 1057 455 1126 QUIBUS
483 1057 829 1124 MANUSCRIPTI
862 1063 1162 1129 SIGNANTUR.
1375 1137 1377 1148 Ι

1 1179 2 1210 ,
1238 1181 1242 1188 .

223 1249 301 1312 Cum
313 1248 407 1330 signo,
428 1251 534 1331 quibus
546 1273 615 1314 usus
628 1273 692 1314 sum
705 1253 743 1312 ad
758 1253 849 1314 MSS.
867 1254 1101 1336 distinguendos,
1122 1260 1242 1338 sparsim
1255 1259 1286 1318 in

137 1353 220 1416 notis
233 1353 429 1436 explicentur,
449 1355 543 1416 visum
564 1369 608 1418 est
629 1355 728 1417 omnia
749 1355 798 1415 htc
821 1357 860 1417 cb
882 1359 983 1420 oculos
1000 1360 1118 1420 lectoris
1135 1359 1219 1421 simul
1239 1381 1286 1420 re-

1 1457 2 1498 l
137 1475 265 1538 m,

181 1563 225 1622 A.
239 1558 427 1640 Musquensis
440 1560 551 1640 primus
563 1561 643 1640 apud
656 1561 809 1624 Beckiom.

180 1669 266 1744 Aug.
283 1667 312 1725 1.
326 1667 355 1723 2.
370 1664 538 1743 Augustani
551 1663 612 1724 duo
625 1651 704 1746 epod
718 1661 909 1724 Brunckium.

181 1769 222 1830 C.
236 1767 273 1829 C.
288 1766 324 1829 C.
337 1767 382 1826 vel
397 1767 468 1830 MS.
484 1768 519 1829 C.
534 1767 570 1830 C.
585 1769 620 1830 C.
635 1769 731 1830 codex
744 1768 775 1828 in
786 1769 925 1850 Corporis
939 1769 1049 1834 Christi
1063 1771 1196 1853 collegio
1209 1772 1285 1834 Cen-

222 1867 365 1947 tsbrigire,
380 1868 551 1929 aBarnesio
564 1881 595 1930 et
608 1869 719 1954 Kingio
732 1873 867 1935 collatus.

182 1974 275 2035 cm.
289 1973 386 2034 codex
399 1973 469 2034 olim
484 1975 625 2050 Askerrii,
645 1995 725 2037 nunc
744 1975 776 2036 in
793 1973 979 2040 Bibliotheca
993 1981 1163 2042 Academia
1180 1978 1287 2040 Canta-

222 2075 376 2156 brigiensis
389 2077 520 2158 signatus
533 2079 608 2140 Mm.
625 2083 654 2140 l.
670 2083 720 2140 ll.
763 2079 839 2144 Vide
852 2080 928 2143 infre
942 2083 991 2146 M.
1005 2083 1045 2144 N.

181 2179 228 2240 D.
242 2177 429 2260 Mcsquensis
442 2193 564 2262 quartus
578 2181 657 2262 apud
671 2180 825 2244 Beckium.

182 2285 228 2344 H.
243 2282 288 2344 vel
302 2282 388 2344 Harl.
402 2283 579 2346 Harleianus
592 2288 684 2360 5725,
705 2285 735 2346 in
749 2285 858 2348 Museo
868 2285 1048 2348 Britannico.

181 2385 215 2445 J.
228 2384 405 2446 Hmleisnm
417 2391 508 2458 6300,
529 2386 648 2448 itidem.

182 2489 225 2552 lt.
239 2489 343 2570 aegre
365 2487 520 2550 societatis
547 2488 642 2550 codex
667 2490 825 2568 recentior,
844 2510 864 2554 s
885 2492 995 2574 Kingic
1015 2491 1148 2555 collatus.
1188 2489 1288 2572 Hujus

223 2591 365 2674 quasdam
377 2594 408 2652 in
422 2593 519 2656 choris
532 2593 783 2676 interpolationes,
803 2594 944 2676 aKingio
957 2595 989 2658 in
1006 2605 1123 2661 textum
1138 2592 1287 2670 admissu,

222 2715 342 2776 prorsus
355 2696 446 2758 tacui
1146 2700 1151 2707 '

182 2803 226 2866 1..
241 2799 312 2866 MS.
327 2802 500 2884 dyscough.
513 2807 604 2876 4952,
618 2804 650 2862 in
660 2801 769 2864 Museo
782 2799 964 2862 Britannico.

184 2904 234 2968 Μ.
247 2903 287 2964 N.
301 2903 374 2967 MS.
387 2903 418 2966 in
430 2904 615 2966 Bibliotheca
622 2903 703 2985 publ.
719 2902 845 2967 conob.
857 2901 987 2980 signatus
1001 2900 1061 2962 Nn.
1074 2905 1103 2964 8.
1120 2903 1169 2963 14.
1211 2901 1286 2964 Tres

226 3007 340 3089 priores
356 3008 469 3070 fabulas
487 3010 578 3072 habet
595 3005 725 3088 eleganti
736 3023 825 3067 manu
838 3003 946 3065 seculo
959 3002 1034 3064 xlv
1046 3003 1180 3088 scriptas,
1199 3003 1285 3068 drms-

224 3129 283 3191 que
296 3111 402 3174 iterum
414 3110 526 3192 priores
538 3112 697 3194 ineleganti
710 3123 742 3174 et
757 3110 955 3176 recentissima
966 3130 1066 3174 manu.
1104 3111 1192 3174 Illum
1204 3123 1287 3194 post·

224 3215 284 3278 hac
295 3219 408 3280 vocabo
421 3217 468 3291 Μ,
489 3219 686 3282 recentiorem
698 3215 740 3278 N.
782 3215 823 3276 Et
840 3216 920 3276 hunc
940 3214 1071 3280 codicem
1091 3227 1122 3276 et
1141 3216 1230 3280 Cant.
1245 3215 1284 3277 sb

225 3318 365 3382 Askersio
377 3320 502 3382 uteadm
514 3321 631 3403 accepit
644 3313 841 3400 Murgnvius,
859 3315 912 3378 sed
924 3316 1026 3397 paucis
1038 3327 1152 3378 tantum
1168 3317 1199 3378 in
1211 3317 1285 3380 locis

230 3421 239 3438 .
334 3423 367 3486 ,ι
1273 3433 1281 3442 .

186 3441 540 3588 Μᾞωοωδηιιωίη
549 3523 735 3586 Bibliotheca
744 3521 906 3598 Parisiensi‚
917 3523 986 3586 olim
997 3523 1286 3606 Regiesllronckio

188 3731 285 3796 MSS.
299 3733 426 3800 Dorsill.
440 3733 566 3798 Codices
580 3731 752 3794 Dcrrilliani
764 3730 835 3806 duo,
854 3749 949 3814 nuper
960 3730 1038 3794 inter
1052 3730 1226 3796 Bodldsnos
1239 3755 1286 3794 re-

188 3938 228 4000 1².
236 3939 284 4000 sel
293 3939 361 4003 mr.
370 3941 405 4004 P.
416 3941 490 4002 liber
497 3940 651 4023 impressus
661 3938 692 4000 in
703 3937 780 4000 Birt.
790 3936 957 4014 Perisiaasi,
967 3957 1035 4002 cum
1047 3937 1140 4006 MSS.
1152 3937 1284 4013 colem

230 4041 310 4104 tmde
321 4042 416 4104 sarias
428 4041 569 4105 lectiones
581 4041 736 4124 exscripsit
746 4042 943 4126 Mmgrarios.

190 4137 233 4205 lt.
247 4141 335 4207 Alte
348 4141 450 4224 aegre
463 4143 617 4210 Societstis
629 4145 734 4212 codex·
